% Encoding: UTF-8
@book {Sutton2018,
	title = {Reinforcement learning: an introduction},
	editor = {Sutton, Richard S. and Barto, Andrew},
	series = {Adaptive computation and machine learning},
	address = {Cambridge, Mass. [u.a.]},
	publisher = {MIT Press},
	year = {2018},
	isbn = {9780262039246},
	keywords = {KÃ¼nstliche Intelligenz. Wissenserwerb},
	pages = {XVIII, 322  Seiten}
}

@Comment{jabref-meta: databaseType:bibtex;}
